@article {LubotzkyShalev,
    AUTHOR = {Lubotzky, Alexander and Shalev, Aner},
     TITLE = {On some {$\Lambda$}-analytic pro-{$p$} groups},
   JOURNAL = {Israel J. Math.},
  FJOURNAL = {Israel Journal of Mathematics},
    VOLUME = {85},
      YEAR = {1994},
    NUMBER = {1-3},
     PAGES = {307--337},
      ISSN = {0021-2172},
   MRCLASS = {20E18 (22E20)},
  MRNUMBER = {1264349},
MRREVIEWER = {Marcus du Sautoy},
       DOI = {10.1007/BF02758646},
       URL = {https://doi.org/10.1007/BF02758646},
}

@@thesis{Snocken-Thesis,
       author = {Robert Snocken},
        title = {Zeta functions of groups and rings},
  institution = {University of Southampton},
         year = {2014},

        month = {December},
          url = {https://eprints.soton.ac.uk/372833/},
     abstract = {The representation growth of a T -group is polynomial. We study the rate of polynomial growth and the spectrum of possible growth, showing that any rational number ? can be realized as the rate of polynomial growth of a class 2 nilpotent T -group. This is in stark contrast to the related subject of subgroup growth of T -groups where it has been shown that the set of possible growth rates is discrete in Q. We derive a formula for almost all of the local representation zeta functions of a T2-group with centre of Hirsch length 2. A consequence of this formula shows that the representation zeta function of such a group is finitely uniform. In contrast, we explicitly derive the representation zeta function of a specific T2-group with centre of Hirsch length 3 whose representation zeta function is not finitely uniform. We give formulae, in terms of Igusa's local zeta function, for the subring, left-, right- and two-sided ideal zeta function of a 2-dimensional ring. We use these formulae to compute a number of examples. In particular, we compute the subring zeta function of the ring of ?integers in a quadratic number field.}
}


@article {AizenbudAvni-Moduli,
    AUTHOR = {Aizenbud, Avraham and Avni, Nir},
     TITLE = {Representation growth and rational singularities of the moduli
              space of local systems},
   JOURNAL = {Invent. Math.},
  FJOURNAL = {Inventiones Mathematicae},
    VOLUME = {204},
      YEAR = {2016},
    NUMBER = {1},
     PAGES = {245--316},
      ISSN = {0020-9910},
   MRCLASS = {14D20 (20G25 53D30)},
  MRNUMBER = {3480557},
MRREVIEWER = {Hsian-Hua Tseng},
       DOI = {10.1007/s00222-015-0614-8},
       URL = {https://doi.org/10.1007/s00222-015-0614-8},
}

@article {Witten,
    AUTHOR = {Witten, Edward},
     TITLE = {Two-dimensional gauge theories revisited},
   JOURNAL = {J. Geom. Phys.},
  FJOURNAL = {Journal of Geometry and Physics},
    VOLUME = {9},
      YEAR = {1992},
    NUMBER = {4},
     PAGES = {303--368},
      ISSN = {0393-0440},
   MRCLASS = {58D27 (14D20 58D29 81T13 81T40)},
  MRNUMBER = {1185834},
MRREVIEWER = {Matthias Blau},
       DOI = {10.1016/0393-0440(92)90034-X},
       URL = {https://doi.org/10.1016/0393-0440(92)90034-X},
}
	
	
@article {VeysZunigaGalindo,
    AUTHOR = {Veys, Willem and Z\'{u}\~{n}iga-Galindo, W. A.},
     TITLE = {Zeta functions for analytic mappings, log-principalization of
              ideals, and {N}ewton polyhedra},
   JOURNAL = {Trans. Amer. Math. Soc.},
  FJOURNAL = {Transactions of the American Mathematical Society},
    VOLUME = {360},
      YEAR = {2008},
    NUMBER = {4},
     PAGES = {2205--2227},
      ISSN = {0002-9947},
   MRCLASS = {11S40 (11D79 14M25)},
  MRNUMBER = {2366980},
MRREVIEWER = {Jerzy Browkin},
       DOI = {10.1090/S0002-9947-07-04422-4},
       URL = {https://doi.org/10.1090/S0002-9947-07-04422-4},
}

@article {Shechter-DivAlgs,
    AUTHOR = {Shechter, Shai},
     TITLE = {Characters of the norm-one units of local division algebras of
              prime degree},
   JOURNAL = {J. Algebra},
  FJOURNAL = {Journal of Algebra},
    VOLUME = {474},
      YEAR = {2017},
     PAGES = {134--165},
      ISSN = {0021-8693},
   MRCLASS = {11F70 (11F80 20G25 22E50)},
  MRNUMBER = {3595788},
MRREVIEWER = {Lei Yang},
       DOI = {10.1016/j.jalgebra.2016.11.004},
       URL = {https://doi.org/10.1016/j.jalgebra.2016.11.004},
}
	


@article {BelkaleBrosnan,
    AUTHOR = {Belkale, Prakash and Brosnan, Patrick},
     TITLE = {Matroids, motives, and a conjecture of {K}ontsevich},
   JOURNAL = {Duke Math. J.},
  FJOURNAL = {Duke Mathematical Journal},
    VOLUME = {116},
      YEAR = {2003},
    NUMBER = {1},
     PAGES = {147--188},
      ISSN = {0012-7094},
   MRCLASS = {14G10 (05A15 05B35 05C05 11G25 14M12 81T18)},
  MRNUMBER = {1950482},
MRREVIEWER = {Timothy Y. Chow},
       DOI = {10.1215/S0012-7094-03-11615-4},
       URL = {https://doi.org/10.1215/S0012-7094-03-11615-4},
}
		

@article {duSautoy-ConjClasses,
    AUTHOR = {du Sautoy, Marcus},
     TITLE = {Counting conjugacy classes},
   JOURNAL = {Bull. London Math. Soc.},
  FJOURNAL = {The Bulletin of the London Mathematical Society},
    VOLUME = {37},
      YEAR = {2005},
    NUMBER = {1},
     PAGES = {37--44},
      ISSN = {0024-6093},
   MRCLASS = {20D60 (11M41 20E45)},
  MRNUMBER = {2105816},
MRREVIEWER = {Wujie Shi},
       DOI = {10.1112/S0024609304003637},
       URL = {https://doi.org/10.1112/S0024609304003637},
}
	

@article {AxKochen,
    AUTHOR = {Ax, James and Kochen, Simon},
     TITLE = {Diophantine problems over local fields. {I}},
   JOURNAL = {Amer. J. Math.},
  FJOURNAL = {American Journal of Mathematics},
    VOLUME = {87},
      YEAR = {1965},
     PAGES = {605--630},
      ISSN = {0002-9327},
   MRCLASS = {10.67 (10.15)},
  MRNUMBER = {184930},
MRREVIEWER = {John V. Armitage},
       DOI = {10.2307/2373065},
       URL = {https://doi.org/10.2307/2373065},
}

@article {Lubotzky-SubgroupGrowth,
    AUTHOR = {Lubotzky, Alexander},
     TITLE = {Subgroup growth and congruence subgroups},
   JOURNAL = {Invent. Math.},
  FJOURNAL = {Inventiones Mathematicae},
    VOLUME = {119},
      YEAR = {1995},
    NUMBER = {2},
     PAGES = {267--295},
      ISSN = {0020-9910},
   MRCLASS = {20H05 (20G30)},
  MRNUMBER = {1312501},
MRREVIEWER = {H. Bass},
       DOI = {10.1007/BF01245183},
       URL = {https://doi.org/10.1007/BF01245183},
}
	

@incollection {AKOV-Some-p,
    AUTHOR = {Avni, Nir and Klopsch, Benjamin and Onn, Uri and Voll,
              Christopher},
     TITLE = {Representation zeta functions of some compact {$p$}-adic
              analytic groups},
 BOOKTITLE = {Zeta functions in algebra and geometry},
    SERIES = {Contemp. Math.},
    VOLUME = {566},
     PAGES = {295--330},
 PUBLISHER = {Amer. Math. Soc., Providence, RI},
      YEAR = {2012},
   MRCLASS = {20E18 (11M41 20C15 22E35)},
  MRNUMBER = {2858928},
MRREVIEWER = {Andrei Jaikin-Zapirain},
       DOI = {10.1090/conm/566/11226},
       URL = {https://doi.org/10.1090/conm/566/11226},
}

@article {Aizenbud-Avni,
    AUTHOR = {Aizenbud, Avraham and Avni, Nir},
     TITLE = {Bounds on multiplicities of spherical spaces over finite
              fields},
   JOURNAL = {J. Pure Appl. Algebra},
  FJOURNAL = {Journal of Pure and Applied Algebra},
    VOLUME = {223},
      YEAR = {2019},
    NUMBER = {9},
     PAGES = {3859--3868},
      ISSN = {0022-4049},
   MRCLASS = {20C33 (20G40)},
  MRNUMBER = {3944456},
       DOI = {10.1016/j.jpaa.2018.12.008},
       URL = {https://doi.org/10.1016/j.jpaa.2018.12.008},
}

@article {Meuser,
    AUTHOR = {Meuser, Diane},
     TITLE = {The meromorphic continuation of a zeta function of {W}eil and
              {I}gusa type},
   JOURNAL = {Invent. Math.},
  FJOURNAL = {Inventiones Mathematicae},
    VOLUME = {85},
      YEAR = {1986},
    NUMBER = {3},
     PAGES = {493--514},
      ISSN = {0020-9910},
   MRCLASS = {11M41 (11S40 14G10)},
  MRNUMBER = {848683},
MRREVIEWER = {Daniel Barsky},
       DOI = {10.1007/BF01390327},
       URL = {https://doi.org/10.1007/BF01390327},
}
		

@article {LubotzkyMartin,
    AUTHOR = {Lubotzky, Alexander and Martin, Benjamin},
     TITLE = {Polynomial representation growth and the congruence subgroup
              problem},
   JOURNAL = {Israel J. Math.},
  FJOURNAL = {Israel Journal of Mathematics},
    VOLUME = {144},
      YEAR = {2004},
     PAGES = {293--316},
      ISSN = {0021-2172},
   MRCLASS = {20G05 (20G35 20H05)},
  MRNUMBER = {2121543},
MRREVIEWER = {Jasbir Singh Chahal},
       DOI = {10.1007/BF02916715},
       URL = {https://doi.org/10.1007/BF02916715},
}
	
@article {Raghunathan,
    AUTHOR = {Raghunathan, M. S.},
     TITLE = {On the congruence subgroup problem},
   JOURNAL = {Inst. Hautes \'{E}tudes Sci. Publ. Math.},
  FJOURNAL = {Institut des Hautes \'{E}tudes Scientifiques. Publications
              Math\'{e}matiques},
    NUMBER = {46},
      YEAR = {1976},
     PAGES = {107--161},
      ISSN = {0073-8301},
   MRCLASS = {20G30 (12A65 22E40)},
  MRNUMBER = {0507030},
MRREVIEWER = {J. E. Humphreys},
       URL = {http://www.numdam.org/item?id=PMIHES_1976__46__107_0},
}

@ARTICLE{Lins-Examples,
       author = {{Macedo Lins de Araujo}, Paula},
        title = "{Bivariate representation and conjugacy class zeta functions associated to unipotent group schemes, II: Groups of type F, G, and H}",
      journal = {arXiv e-prints},
     keywords = {Mathematics - Group Theory, Mathematics - Combinatorics, 11M32, 20D15, 22E55, 20E45, 05A15, 05E15},
         year = "2018",
        month = "May",
          eid = {arXiv:1805.02040},
        pages = {arXiv:1805.02040},
archivePrefix = {arXiv},
       eprint = {1805.02040},
 primaryClass = {math.GR},
       adsurl = {https://ui.adsabs.harvard.edu/abs/2018arXiv180502040M},
      adsnote = {Provided by the SAO/NASA Astrophysics Data System}
}


@article {BDOP-CellDecomp,
    AUTHOR = {Berman, Mark N. and Derakhshan, Jamshid and Onn, Uri and
              Paajanen, Pirita},
     TITLE = {Uniform cell decomposition with applications to {C}hevalley
              groups},
   JOURNAL = {J. Lond. Math. Soc. (2)},
  FJOURNAL = {Journal of the London Mathematical Society. Second Series},
    VOLUME = {87},
      YEAR = {2013},
    NUMBER = {2},
     PAGES = {586--606},
      ISSN = {0024-6107},
   MRCLASS = {20G25 (03C10 11M41)},
  MRNUMBER = {3046287},
MRREVIEWER = {Yu Chen},
       DOI = {10.1112/jlms/jds056},
       URL = {https://doi.org/10.1112/jlms/jds056},
}
	

@book {Isaacs-CharTheory,
    AUTHOR = {Isaacs, I. Martin},
     TITLE = {Character theory of finite groups},
      NOTE = {Corrected reprint of the 1976 original [Academic Press, New
              York; MR0460423]},
 PUBLISHER = {AMS Chelsea Publishing, Providence, RI},
      YEAR = {2006},
     PAGES = {xii+310},
      ISBN = {978-0-8218-4229-4; 0-8218-4229-3},
   MRCLASS = {20-02 (20C05 20C15 20C20 20C25)},
  MRNUMBER = {2270898},
       DOI = {10.1090/chel/359},
       URL = {https://doi.org/10.1090/chel/359},
}
		
			
@article {Martin-Lubotzky,
    AUTHOR = {Lubotzky, Alexander and Martin, Benjamin},
     TITLE = {Polynomial representation growth and the congruence subgroup
              problem},
   JOURNAL = {Israel J. Math.},
  FJOURNAL = {Israel Journal of Mathematics},
    VOLUME = {144},
      YEAR = {2004},
     PAGES = {293--316},
      ISSN = {0021-2172},
   MRCLASS = {20G05 (20G35 20H05)},
  MRNUMBER = {2121543},
MRREVIEWER = {Jasbir Singh Chahal},
       DOI = {10.1007/BF02916715},
       URL = {http://dx.doi.org/10.1007/BF02916715},
}

@book {BushnellFroehlich,
    AUTHOR = {Bushnell, Colin J. and Fr\"{o}hlich, Albrecht and },
     TITLE = {Gauss sums and {$p$}-adic division algebras},
    SERIES = {Lecture Notes in Mathematics},
    VOLUME = {987},
 PUBLISHER = {Springer-Verlag, Berlin-New York},
      YEAR = {1983},
     PAGES = {xi+187},
      ISBN = {3-540-12290-7},
   MRCLASS = {12B27 (12B37 22E50)},
  MRNUMBER = {701540},
MRREVIEWER = {Ernst-Wilhelm Zink},
}
		

@article{LarsenLubotzky,
    AUTHOR = {Larsen, Michael and Lubotzky, Alexander},
     TITLE = {Representation growth of linear groups},
   JOURNAL = {J. Eur. Math. Soc. (JEMS)},
  FJOURNAL = {Journal of the European Mathematical Society (JEMS)},
    VOLUME = {10},
      YEAR = {2008},
    NUMBER = {2},
     PAGES = {351--390},
      ISSN = {1435-9855},
   MRCLASS = {20F69 (11M41 20E07)},
  MRNUMBER = {2390327},
MRREVIEWER = {Nikolay V. Nikolov},
       DOI = {10.4171/JEMS/113},
       URL = {http://dx.doi.org/10.4171/JEMS/113},
}
		
@article {Avni-Abscissa,
    AUTHOR = {Avni, Nir},
     TITLE = {Arithmetic groups have rational representation growth},
   JOURNAL = {Ann. of Math. (2)},
  FJOURNAL = {Annals of Mathematics. Second Series},
    VOLUME = {174},
      YEAR = {2011},
    NUMBER = {2},
     PAGES = {1009--1056},
      ISSN = {0003-486X},
   MRCLASS = {20G35 (11F06 11M41 11S40 20F69 22E40)},
  MRNUMBER = {2831112},
MRREVIEWER = {Benjamin M. S. Martin},
       DOI = {10.4007/annals.2011.174.2.6},
       URL = {http://dx.doi.org/10.4007/annals.2011.174.2.6},
}

@article {KOS-Regular,
    AUTHOR = {Krakovski, Roi and Onn, Uri and Singla, Pooja},
     TITLE = {Regular characters of groups of type {$\sf A_n$} over
              discrete valuation rings},
   JOURNAL = {J. Algebra},
  FJOURNAL = {Journal of Algebra},
    VOLUME = {496},
      YEAR = {2018},
     PAGES = {116--137},
      ISSN = {0021-8693},
   MRCLASS = {20C15 (15B33 15B57 20F69 20G05 20G25 20H05)},
  MRNUMBER = {3737836},
MRREVIEWER = {Jorge A. Vargas},
       DOI = {10.1016/j.jalgebra.2017.10.018},
       URL = {https://doi.org/10.1016/j.jalgebra.2017.10.018},
}
		
@article {Shechter-Regular,
    AUTHOR = {Shechter, Shai},
     TITLE = {Regular characters of classical groups over complete discrete
              valuation rings},
   JOURNAL = {J. Pure Appl. Algebra},
  FJOURNAL = {Journal of Pure and Applied Algebra},
    VOLUME = {223},
      YEAR = {2019},
    NUMBER = {10},
     PAGES = {4384--4425},
      ISSN = {0022-4049},
   MRCLASS = {20C15 (11M41 20G05)},
  MRNUMBER = {3958096},
       DOI = {10.1016/j.jpaa.2019.01.013},
       URL = {https://doi.org/10.1016/j.jpaa.2019.01.013},
}

@article {HaesaeStasinski,
    AUTHOR = {H\"{a}s\"{a}, Jokke and Stasinski, Alexander},
     TITLE = {Representation growth of compact linear groups},
   JOURNAL = {Trans. Amer. Math. Soc.},
  FJOURNAL = {Transactions of the American Mathematical Society},
    VOLUME = {372},
      YEAR = {2019},
    NUMBER = {2},
     PAGES = {925--980},
      ISSN = {0002-9947},
   MRCLASS = {22E50 (11M41 20C15)},
  MRNUMBER = {3968792},
       DOI = {10.1090/tran/7618},
       URL = {https://doi.org/10.1090/tran/7618},
}
		
@article {StasinskiStevens,
    AUTHOR = {Stasinski, Alexander and Stevens, Shaun},
     TITLE = {The regular representations of {${\rm GL}_N$} over finite
              local principal ideal rings},
   JOURNAL = {Bull. Lond. Math. Soc.},
  FJOURNAL = {Bulletin of the London Mathematical Society},
    VOLUME = {49},
      YEAR = {2017},
    NUMBER = {6},
     PAGES = {1066--1084},
      ISSN = {0024-6093},
   MRCLASS = {20G05 (20C15 20G25 22E50)},
  MRNUMBER = {3743488},
MRREVIEWER = {Anne-Marie H. Aubert},
       DOI = {10.1112/blms.12099},
       URL = {https://doi.org/10.1112/blms.12099},
}

@article{Jaikin,
    AUTHOR = {Jaikin-Zapirain, Andrei},
     TITLE = {Zeta function of representations of compact {$p$}-adic
              analytic groups},
   JOURNAL = {J. Amer. Math. Soc.},
  FJOURNAL = {Journal of the American Mathematical Society},
    VOLUME = {19},
      YEAR = {2006},
    NUMBER = {1},
     PAGES = {91--118},
      ISSN = {0894-0347},
   MRCLASS = {20E18 (11M41 20C15 22E35)},
  MRNUMBER = {2169043},
MRREVIEWER = {Alexander Moret\'o},
       DOI = {10.1090/S0894-0347-05-00501-1},
       URL = {http://dx.doi.org/10.1090/S0894-0347-05-00501-1},
}


@article{AKOV-GAFA,
    AUTHOR = {Avni, Nir and Klopsch, Benjamin and Onn, Uri and Voll,
              Christopher},
     TITLE = {Arithmetic groups, base change, and representation growth},
   JOURNAL = {Geom. Funct. Anal.},
  FJOURNAL = {Geometric and Functional Analysis},
    VOLUME = {26},
      YEAR = {2016},
    NUMBER = {1},
     PAGES = {67--135},
      ISSN = {1016-443X},
   MRCLASS = {20G30 (11B30 20C15 20H05)},
  MRNUMBER = {3494486},
MRREVIEWER = {Nikolay V. Nikolov},
       DOI = {10.1007/s00039-016-0359-6},
       URL = {http://dx.doi.org/10.1007/s00039-016-0359-6},
}

@article {HMR-DefEquivalence,
    AUTHOR = {Hrushovski, Ehud and Martin, Ben and Rideau, Silvain},
     TITLE = {Definable equivalence relations and zeta functions of groups},
  %    NOTE = {With an appendix by Raf Cluckers},
   JOURNAL = {J. Eur. Math. Soc. (JEMS)},
  FJOURNAL = {Journal of the European Mathematical Society (JEMS)},
    VOLUME = {20},
      YEAR = {2018},
    NUMBER = {10},
     PAGES = {2467--2537},
      ISSN = {1435-9855},
   MRCLASS = {03C60 (03C10 11M41 20C15 20D15 20E07)},
  MRNUMBER = {3852185},
       DOI = {10.4171/JEMS/817},
       URL = {https://doi.org/10.4171/JEMS/817},
}

@article {BS-OrbitMethod,
    AUTHOR = {Boyarchenko, Mitya and Sabitova, Maria},
     TITLE = {The orbit method for profinite groups and a {$p$}-adic
              analogue of {B}rown's theorem},
   JOURNAL = {Israel J. Math.},
  FJOURNAL = {Israel Journal of Mathematics},
    VOLUME = {165},
      YEAR = {2008},
     PAGES = {67--91},
      ISSN = {0021-2172},
   MRCLASS = {20E18 (14L30 22E60)},
  MRNUMBER = {2403615},
MRREVIEWER = {Nadia P. Mazza},
       DOI = {10.1007/s11856-008-1004-3},
       URL = {https://doi.org/10.1007/s11856-008-1004-3},
}
		
@article {Dung-Heisenberg,
    AUTHOR = {Dung, Duong Hoang},
     TITLE = {Representation growth of the {H}eisenberg group over
              {$\Cal{O}[x]/(x^3)$}},
   JOURNAL = {J. Algebra Appl.},
  FJOURNAL = {Journal of Algebra and its Applications},
    VOLUME = {16},
      YEAR = {2017},
    NUMBER = {4},
     PAGES = {1750077, 13},
      ISSN = {0219-4988},
   MRCLASS = {11M41 (20G30 22E35)},
  MRNUMBER = {3635126},
MRREVIEWER = {Anton Deitmar},
       DOI = {10.1142/S0219498817500773},
       URL = {https://doi.org/10.1142/S0219498817500773},
}
		


@article {CluckersLoeser,
    AUTHOR = {Cluckers, Raf and Loeser, Fran\c{c}ois},
     TITLE = {Constructible exponential functions, motivic {F}ourier
              transform and transfer principle},
   JOURNAL = {Ann. of Math. (2)},
  FJOURNAL = {Annals of Mathematics. Second Series},
    VOLUME = {171},
      YEAR = {2010},
    NUMBER = {2},
     PAGES = {1011--1065},
      ISSN = {0003-486X},
   MRCLASS = {14E18},
  MRNUMBER = {2630060},
MRREVIEWER = {Tommaso De Fernex},
       DOI = {10.4007/annals.2010.171.1011},
       URL = {https://doi.org/10.4007/annals.2010.171.1011},
}
	
@Article{Lins-Bivariate,
author		= {{Macedo Lins de Araujo}, Paula},
title 		= {Bivariate representation and conjugacy class zeta functions associated to unipotent group schemes, I: Arithmetic properties},
journal 		= {J. Group Theory},
year 		= {2019},
volume 		= {22},
number 		= {3},
pages 		= {741-774},
}


@ARTICLE{Lins-Analytic,
       author = {{Macedo Lins de Araujo}, Paula},
        title = "{Analytic properties of bivariate representation and conjugacy class zeta functions of finitely generated nilpotent groups}",
      journal = {arXiv e-prints},
     keywords = {Mathematics - Group Theory, 11M41, 11M32, 20F18, 32D15, 22E55, 20E45},
         year = "2018",
        month = "Jul",
          eid = {arXiv:1807.05577},
        pages = {arXiv:1807.05577},
archivePrefix = {arXiv},
       eprint = {1807.05577},
 primaryClass = {math.GR},
       adsurl = {https://ui.adsabs.harvard.edu/abs/2018arXiv180705577M},
      adsnote = {Provided by the SAO/NASA Astrophysics Data System}
}



@article {Voll-IMRN,
    AUTHOR = {Voll, Christopher},
     TITLE = {Local functional equations for submodule zeta functions
              associated to nilpotent algebras of endomorphisms},
   JOURNAL = {Int. Math. Res. Not. IMRN},
  FJOURNAL = {International Mathematics Research Notices. IMRN},
      YEAR = {2019},
    NUMBER = {7},
     PAGES = {2137--2176},
      ISSN = {1073-7928},
   MRCLASS = {11M41 (11S40 16W20 20E07)},
  MRNUMBER = {3938319},
       DOI = {10.1093/imrn/rnx186},
       URL = {https://doi.org/10.1093/imrn/rnx186},
}

@article {AKOV-Duke,
    AUTHOR = {Avni, Nir and Klopsch, Benjamin and Onn, Uri and Voll,
              Christopher},
     TITLE = {Representation zeta functions of compact {$p$}-adic analytic
              groups and arithmetic groups},
   JOURNAL = {Duke Math. J.},
  FJOURNAL = {Duke Mathematical Journal},
    VOLUME = {162},
      YEAR = {2013},
    NUMBER = {1},
     PAGES = {111--197},
      ISSN = {0012-7094},
   MRCLASS = {22E50 (11M41 20C15 20G25 22E40)},
  MRNUMBER = {3011874},
MRREVIEWER = {A. H. Dooley},
       DOI = {10.1215/00127094-1959198},
       URL = {https://doi.org/10.1215/00127094-1959198},
}
		

@book {Serre-LieAlgsLieGps,
    AUTHOR = {Serre, Jean-Pierre},
     TITLE = {Lie algebras and {L}ie groups},
    SERIES = {Lecture Notes in Mathematics},
    VOLUME = {1500},
      NOTE = {1964 lectures given at Harvard University,
              Corrected fifth printing of the second (1992) edition},
 PUBLISHER = {Springer-Verlag, Berlin},
      YEAR = {2006},
     PAGES = {viii+168},
      ISBN = {978-3-540-55008-2; 3-540-55008-9},
   MRCLASS = {17-01 (22-01)},
  MRNUMBER = {2179691},
}
		
	
@article {SatoKimura-PVS,
    AUTHOR = {Sato, M. and Kimura, T.},
     TITLE = {A classification of irreducible prehomogeneous vector spaces
              and their relative invariants},
   JOURNAL = {Nagoya Math. J.},
  FJOURNAL = {Nagoya Mathematical Journal},
    VOLUME = {65},
      YEAR = {1977},
     PAGES = {1--155},
      ISSN = {0027-7630},
   MRCLASS = {32M10 (20G05)},
  MRNUMBER = {0430336},
MRREVIEWER = {A. L. Oniscik},
       URL = {http://projecteuclid.org/euclid.nmj/1118796150},
}
	

@book {Segal-Polycyclic,
    AUTHOR = {Segal, Daniel},
     TITLE = {Polycyclic groups},
    SERIES = {Cambridge Tracts in Mathematics},
    VOLUME = {82},
 PUBLISHER = {Cambridge University Press, Cambridge},
      YEAR = {1983},
     PAGES = {xiv+289},
      ISBN = {0-521-24146-4},
   MRCLASS = {20-02 (20F16)},
  MRNUMBER = {713786},
MRREVIEWER = {John F. Bowers},
       DOI = {10.1017/CBO9780511565953},
       URL = {https://doi.org/10.1017/CBO9780511565953},
}

@article {duSautoyGrunewald-Analytic,
    AUTHOR = {du Sautoy, Marcus and Grunewald, Fritz},
     TITLE = {Analytic properties of zeta functions and subgroup growth},
   JOURNAL = {Ann. of Math. (2)},
  FJOURNAL = {Annals of Mathematics. Second Series},
    VOLUME = {152},
      YEAR = {2000},
    NUMBER = {3},
     PAGES = {793--833},
      ISSN = {0003-486X},
   MRCLASS = {11M41 (20E07)},
  MRNUMBER = {1815702},
MRREVIEWER = {Alexander Lubotzky},
       DOI = {10.2307/2661355},
       URL = {https://doi.org/10.2307/2661355},
}

@article {Voll-Functional,
    AUTHOR = {Voll, Christopher},
     TITLE = {Functional equations for zeta functions of groups and rings},
   JOURNAL = {Ann. of Math. (2)},
  FJOURNAL = {Annals of Mathematics. Second Series},
    VOLUME = {172},
      YEAR = {2010},
    NUMBER = {2},
     PAGES = {1181--1218},
      ISSN = {0003-486X},
   MRCLASS = {20E07 (11S40 16P90 39B52)},
  MRNUMBER = {2680489},
MRREVIEWER = {Alexander Fel\cprime shtyn},
       DOI = {10.4007/annals.2010.172.1185},
       URL = {https://doi.org/10.4007/annals.2010.172.1185},
}
	
	
@article {Chahal-CSPSolvable,
    AUTHOR = {Chahal, Jasbir Singh},
     TITLE = {Solution of the congruence subgroup problem for solvable
              algebraic groups},
   JOURNAL = {Nagoya Math. J.},
  FJOURNAL = {Nagoya Mathematical Journal},
    VOLUME = {79},
      YEAR = {1980},
     PAGES = {141--144},
      ISSN = {0027-7630},
   MRCLASS = {20G20 (12A65)},
  MRNUMBER = {587415},
MRREVIEWER = {J. L. Brenner},
       URL = {http://projecteuclid.org/euclid.nmj/1118786174},
}

@article {ANS-CSPgrowthPosChar,
    AUTHOR = {Ab\'{e}rt, Mikl\'{o}s and Nikolov, Nikolay and Szegedy, Bal\'{a}zs},
     TITLE = {Congruence subgroup growth of arithmetic groups in positive
              characteristic},
   JOURNAL = {Duke Math. J.},
  FJOURNAL = {Duke Mathematical Journal},
    VOLUME = {117},
      YEAR = {2003},
    NUMBER = {2},
     PAGES = {367--383},
      ISSN = {0012-7094},
   MRCLASS = {20H05 (17B45 20G30)},
  MRNUMBER = {1971298},
MRREVIEWER = {J. D. Dixon},
       DOI = {10.1215/S0012-7094-03-11726-3},
       URL = {https://doi.org/10.1215/S0012-7094-03-11726-3},
}


@article {Ezzat,
    AUTHOR = {Ezzat, Shannon},
     TITLE = {Counting irreducible representations of the {H}eisenberg group
              over the integers of a quadratic number field},
   JOURNAL = {J. Algebra},
  FJOURNAL = {Journal of Algebra},
    VOLUME = {397},
      YEAR = {2014},
     PAGES = {609--624},
      ISSN = {0021-8693},
   MRCLASS = {20C15 (20F19)},
  MRNUMBER = {3119241},
MRREVIEWER = {Jian-yi Shi},
       DOI = {10.1016/j.jalgebra.2013.08.028},
       URL = {https://doi.org/10.1016/j.jalgebra.2013.08.028},
}

@incollection {MagidNunley,
    AUTHOR = {Nunley, Charles and Magid, Andy},
     TITLE = {Simple representations of the integral {H}eisenberg group},
 BOOKTITLE = {Classical groups and related topics ({B}eijing, 1987)},
    SERIES = {Contemp. Math.},
    VOLUME = {82},
     PAGES = {89--96},
 PUBLISHER = {Amer. Math. Soc., Providence, RI},
      YEAR = {1989},
   MRCLASS = {20C15},
  MRNUMBER = {982280},
MRREVIEWER = {L. Corwin},
       DOI = {10.1090/conm/082/982280},
       URL = {https://doi.org/10.1090/conm/082/982280},
}
		
@article {StasinskiVoll-Forum,
    AUTHOR = {Stasinski, Alexander and Voll, Christopher},
     TITLE = {Representation zeta functions of some nilpotent groups
              associated to prehomogeneous vector spaces},
   JOURNAL = {Forum Math.},
  FJOURNAL = {Forum Mathematicum},
    VOLUME = {29},
      YEAR = {2017},
    NUMBER = {3},
     PAGES = {717--734},
      ISSN = {0933-7741},
   MRCLASS = {11M41 (05A15 11S90 20G25 22E35)},
  MRNUMBER = {3641675},
MRREVIEWER = {Jun Yu},
       DOI = {10.1515/forum-2015-0099},
       URL = {https://doi.org/10.1515/forum-2015-0099},
}
		

@article {LubotzkyMagid,
    AUTHOR = {Lubotzky, Alexander and Magid, Andy R.},
     TITLE = {Varieties of representations of finitely generated groups},
   JOURNAL = {Mem. Amer. Math. Soc.},
  FJOURNAL = {Memoirs of the American Mathematical Society},
    VOLUME = {58},
      YEAR = {1985},
    NUMBER = {336},
     PAGES = {xi+117},
      ISSN = {0065-9266},
   MRCLASS = {20C15 (14D20)},
  MRNUMBER = {818915},
MRREVIEWER = {Avner Ash},
       DOI = {10.1090/memo/0336},
       URL = {https://doi.org/10.1090/memo/0336},
}

@article {StasinskiVoll-TAMS,
    AUTHOR = {Stasinski, A. and Voll, C.},
     TITLE = {Representation zeta functions of nilpotent groups and
              generating functions for {W}eyl groups of type {$B$}},
   JOURNAL = {Amer. J. Math.},
  FJOURNAL = {American Journal of Mathematics},
    VOLUME = {136},
      YEAR = {2014},
    NUMBER = {2},
     PAGES = {501--550},
      ISSN = {0002-9327},
   MRCLASS = {20G05 (05A15 11M41 14L15 20F18 22E50)},
  MRNUMBER = {3188068},
MRREVIEWER = {Benjamin Klopsch},
       DOI = {10.1353/ajm.2014.0010},
       URL = {https://doi.org/10.1353/ajm.2014.0010},
}

@article {DungVoll,
    AUTHOR = {Dung, Duong H. and Voll, Christopher},
     TITLE = {Uniform analytic properties of representation zeta functions
              of finitely generated nilpotent groups},
   JOURNAL = {Trans. Amer. Math. Soc.},
  FJOURNAL = {Transactions of the American Mathematical Society},
    VOLUME = {369},
      YEAR = {2017},
    NUMBER = {9},
     PAGES = {6327--6349},
      ISSN = {0002-9947},
   MRCLASS = {20F18 (11M41 20E18 20F69 22E55)},
  MRNUMBER = {3660223},
MRREVIEWER = {David Villa-Hern\'{a}ndez},
       DOI = {10.1090/tran/6879},
       URL = {https://doi.org/10.1090/tran/6879},
}
		

@article {CarnevaleShechterVoll,
    AUTHOR = {Carnevale, Angela and Shechter, Shai and Voll, Christopher},
     TITLE = {Enumerating traceless matrices over compact discrete valuation
              rings},
   JOURNAL = {Israel J. Math.},
  FJOURNAL = {Israel Journal of Mathematics},
    VOLUME = {227},
      YEAR = {2018},
    NUMBER = {2},
     PAGES = {957--986},
      ISSN = {0021-2172},
   MRCLASS = {15B33 (05E15 13G05 13P25 20F55)},
  MRNUMBER = {3846349},
MRREVIEWER = {Yijia Tan},
       DOI = {10.1007/s11856-018-1755-4},
       URL = {https://doi.org/10.1007/s11856-018-1755-4},
}
	
@ARTICLE{CarnevaleScheinVoll,
       author = {{Carnevale}, Angela and {Schein}, Michael M. and {Voll}, Christopher},
        title = "{Generalized Igusa functions and ideal growth in nilpotent Lie rings}",
      journal = {arXiv e-prints},
     keywords = {Mathematics - Rings and Algebras, Mathematics - Combinatorics, 11M41, 05A15, 20E07},
         year = "2019",
        month = "Mar",
          eid = {arXiv:1903.03090},
        pages = {arXiv:1903.03090},
archivePrefix = {arXiv},
       eprint = {1903.03090},
 primaryClass = {math.RA},
       adsurl = {https://ui.adsabs.harvard.edu/abs/2019arXiv190303090C},
      adsnote = {Provided by the SAO/NASA Astrophysics Data System}
}

