@book {MR0225131,
    AUTHOR = {Tr\`eves, Fran\c{c}ois},
     TITLE = {Topological vector spaces, distributions and kernels},
 PUBLISHER = {Academic Press, New York-London},
      YEAR = {1967},
     PAGES = {xvi+624},
   MRCLASS = {46.00},
  MRNUMBER = {0225131},
MRREVIEWER = {J. Horv\'{a}th},
}
		